<record><leader>00000cas a2200000 a 4500</leader><controlfield tag="001">30588929</controlfield><controlfield tag="008">940610c199u9999causn ne      0    0por c</controlfield><datafield ind1=" " ind2=" " tag="010"><subfield code="a">sn 94035325 </subfield></datafield><datafield ind1=" " ind2=" " tag="040"><subfield code="a">IXA</subfield><subfield code="b">eng</subfield><subfield code="c">IXA</subfield><subfield code="d">FUG</subfield><subfield code="d">OCLCQ</subfield><subfield code="d">OCLCF</subfield><subfield code="d">OCLCO</subfield></datafield><datafield ind1=" " ind2=" " tag="012"><subfield code="i">9406</subfield></datafield><datafield ind1="1" ind2=" " tag="029"><subfield code="a">AU@</subfield><subfield code="b">000025858716</subfield></datafield><datafield ind1=" " ind2=" " tag="037"><subfield code="b">PO Box 1121 El Cerrito, CA 94530-1121</subfield></datafield><datafield ind1="0" ind2=" " tag="041"><subfield code="a">poreng</subfield></datafield><datafield ind1=" " ind2=" " tag="042"><subfield code="a">pcc</subfield></datafield><datafield ind1=" " ind2=" " tag="043"><subfield code="a">n-us-ca</subfield><subfield code="a">s-bl---</subfield></datafield><datafield ind1="1" ind2="4" tag="050"><subfield code="a">F870.B68</subfield><subfield code="b">B729</subfield></datafield><datafield ind1="0" ind2=" " tag="130"><subfield code="a">Brazil today (Los Angeles, Calif.)</subfield></datafield><datafield ind1="1" ind2="0" tag="245"><subfield code="a">Brazil today.</subfield></datafield><datafield ind1=" " ind2=" " tag="260"><subfield code="a">Los Angeles, CA :</subfield><subfield code="b">[s.n.]</subfield></datafield><datafield ind1=" " ind2=" " tag="300"><subfield code="a">v. :</subfield><subfield code="b">ill. ;</subfield><subfield code="c">44 cm.</subfield></datafield><datafield ind1=" " ind2=" " tag="310"><subfield code="a">Semimonthly (except Dec. and Jan.),</subfield><subfield code="b">&lt;1997&gt;</subfield></datafield><datafield ind1=" " ind2=" " tag="321"><subfield code="a">Semimonthly,</subfield><subfield code="b">&lt;1992&gt;</subfield></datafield><datafield ind1=" " ind2=" " tag="500"><subfield code="a">Published in El Cerrito, &lt;1997&gt;.</subfield></datafield><datafield ind1=" " ind2=" " tag="500"><subfield code="a">"Committed to keeping the Portugese language alive in the USA."</subfield></datafield><datafield ind1=" " ind2=" " tag="546"><subfield code="a">In Portuguese with some English.</subfield></datafield><datafield ind1=" " ind2=" " tag="588"><subfield code="a">Description based on: Ano 1, no. 18 (2a quinzena de marc&#807;o de 1992).</subfield></datafield><datafield ind1=" " ind2=" " tag="588"><subfield code="a">Latest issue consulted: Year 6, no. 112 (la quinzena de juhno de 1997).</subfield></datafield><datafield ind1=" " ind2="0" tag="650"><subfield code="a">Brazilians</subfield><subfield code="z">California</subfield><subfield code="v">Newspapers.</subfield></datafield><datafield ind1=" " ind2="0" tag="651"><subfield code="a">Los Angeles (Calif.)</subfield><subfield code="v">Newspapers.</subfield></datafield><datafield ind1=" " ind2="0" tag="651"><subfield code="a">El Cerrito (Calif.)</subfield><subfield code="v">Newspapers.</subfield></datafield><datafield ind1=" " ind2="0" tag="651"><subfield code="a">Brazil</subfield><subfield code="v">Newspapers.</subfield></datafield><datafield ind1=" " ind2="7" tag="655"><subfield code="a">Newspapers.</subfield><subfield code="2">fast</subfield><subfield code="0">(OCoLC)fst01423814</subfield></datafield><datafield ind1=" " ind2="7" tag="650"><subfield code="a">Brazilians.</subfield><subfield code="2">fast</subfield><subfield code="0">(OCoLC)fst00838162</subfield></datafield><datafield ind1=" " ind2="7" tag="651"><subfield code="a">Brazil.</subfield><subfield code="2">fast</subfield><subfield code="0">(OCoLC)fst01206830</subfield></datafield><datafield ind1=" " ind2="7" tag="651"><subfield code="a">California.</subfield><subfield code="2">fast</subfield><subfield code="0">(OCoLC)fst01204928</subfield></datafield><datafield ind1=" " ind2="7" tag="651"><subfield code="a">California</subfield><subfield code="z">El Cerrito.</subfield><subfield code="2">fast</subfield><subfield code="0">(OCoLC)fst01214426</subfield></datafield><datafield ind1=" " ind2="7" tag="651"><subfield code="a">California</subfield><subfield code="z">Los Angeles.</subfield><subfield code="2">fast</subfield><subfield code="0">(OCoLC)fst01204540</subfield></datafield><datafield ind1=" " ind2=" " tag="752"><subfield code="a">United States</subfield><subfield code="b">California</subfield><subfield code="c">Contra Costa</subfield><subfield code="d">El Cerrito.</subfield></datafield><datafield ind1=" " ind2=" " tag="752"><subfield code="a">United States</subfield><subfield code="b">California</subfield><subfield code="c">Los Angeles</subfield><subfield code="d">Los Angeles.</subfield></datafield><datafield ind1=" " ind2=" " tag="850"><subfield code="a">TxU</subfield></datafield></record>